<?xml version="1.0" encoding="utf-8"?>
<record xmlns="http://www.loc.gov/MARC21/slim" xmlns:xsi="http://www.w3.org/2001/XMLSchema-instance" xsi:schemaLocation="http://www.loc.gov/MARC21/slim http://www.loc.gov/standards/marcxml/schema/MARC21slim.xsd">
	<leader>     nam a22        4500</leader>
	<controlfield tag="001">b19208212</controlfield>
	<controlfield tag="003">LeBAU</controlfield>
	<controlfield tag="006">m        d        </controlfield>
	<controlfield tag="007">cr cn |||m|||a</controlfield>
	<controlfield tag="008">180126s1929    le      o     ||0 0 ara d</controlfield>
	<datafield ind1=" " ind2=" " tag="040">
		<subfield code="a">NNU</subfield>
		<subfield code="b">ara</subfield>
		<subfield code="e">rda</subfield>
		<subfield code="c">NNU</subfield>
	</datafield>
	<datafield ind1="0" ind2="4" tag="082">
		<subfield code="a">511</subfield>
		<subfield code="2">23</subfield>
	</datafield>
	<datafield ind1="1" ind2=" " tag="100">
		<subfield code="6">880-01</subfield>
		<subfield code="a">Jurdāq, Manṣūr Ḥannā,</subfield>
		<subfield code="e">author.</subfield>
	</datafield>
	<datafield ind1="1" ind2="0" tag="245">
		<subfield code="6">880-02</subfield>
		<subfield code="a">al-Ḥisāb al-ḥadīth /</subfield>
		<subfield code="c">ta’līf Manṣūr Ḥannā Jurdāq M. ‘A, ustādh al-riyāḍīyāt al-‘ālīyah fī al-Jāmi‘ah al-Amīrikānīyah fī Bayrūt wa-‘uḍw fī al-Jam‘īyah al-Inklīzīyah al-Riyāḍīyah fī Landan wa-al-Jam‘īyah al-Riyāḍīyah al-Amīrikānīyah wa-ghayrihā min al-jam‘īyāt al-riyāḍīyah wa-al-falakīyah wa-al-‘ilmīyah.</subfield>
	</datafield>
	<datafield ind1=" " ind2=" " tag="250">
		<subfield code="6">880-03</subfield>
		<subfield code="a">Ṭab‘ah khāmisah.</subfield>
	</datafield>
	<datafield ind1=" " ind2="1" tag="264">
		<subfield code="6">880-04</subfield>
		<subfield code="a">Bayrūt :</subfield>
		<subfield code="b">al-Maṭba‘ah al-Amīrikānīyah,</subfield>
		<subfield code="c">1929.</subfield>
	</datafield>
	<datafield ind1=" " ind2=" " tag="300">
		<subfield code="6">880-05</subfield>
		<subfield code="a">online resource (3 volumes)</subfield>
	</datafield>
	<datafield ind1=" " ind2=" " tag="336">
		<subfield code="a">text</subfield>
		<subfield code="2">rdacontent</subfield>
	</datafield>
	<datafield ind1=" " ind2=" " tag="337">
		<subfield code="a">computer</subfield>
		<subfield code="2">rdamedia</subfield>
	</datafield>
	<datafield ind1=" " ind2=" " tag="338">
		<subfield code="a">online resource</subfield>
		<subfield code="2">rdacarrier</subfield>
	</datafield>
	<datafield ind1=" " ind2=" " tag="500">
		<subfield code="a">Part of the Arabic Collections Online (ACO) project, contributed by American University of Beirut's Jafet Memorial Library.</subfield>
	</datafield>
	<datafield ind1=" " ind2=" " tag="533">
		<subfield code="a">Electronic reproduction.</subfield>
		<subfield code="b">New York, N.Y. :</subfield>
		<subfield code="c">New York University,</subfield>
		<subfield code="d">2018.</subfield>
		<subfield code="5">NNU</subfield>
	</datafield>
	<datafield ind1="0" ind2=" " tag="583">
		<subfield code="a">مرمم (نسخة مكتبة يافث الأولى، الجزء 2)</subfield>
		<subfield code="c">20150929</subfield>
	</datafield>
	<datafield ind1=" " ind2=" " tag="590">
		<subfield code="a">في المكتبة: الجزء 2.</subfield>
	</datafield>
	<datafield ind1=" " ind2="4" tag="650">
		<subfield code="a">الحساب</subfield>
		<subfield code="x">الدرس والتدريس.</subfield>
	</datafield>
	<datafield ind1=" " ind2="0" tag="650">
		<subfield code="a">Arithmetic</subfield>
		<subfield code="x">Study and teaching.</subfield>
	</datafield>
	<datafield ind1="2" ind2=" " tag="710">
		<subfield code="a">Jafet Memorial Library.</subfield>
	</datafield>
	<datafield ind1="0" ind2=" " tag="730">
		<subfield code="a">Arabic Collections Online.</subfield>
	</datafield>
	<datafield ind1="0" ind2=" " tag="775">
		<subfield code="6">880-06</subfield>
		<subfield code="t">al-Ḥisāb al-ḥadīth.</subfield>
		<subfield code="b">Ṭab‘ah rābi‘ah</subfield>
		<subfield code="d">Bayrūt : al-Maṭba‘ah al-Amīrikānīyah, 1927</subfield>
		<subfield code="w">(OCoLC)784341347</subfield>
		<subfield code="w">(OCoLC)784341347</subfield>
	</datafield>
	<datafield ind1="0" ind2=" " tag="775">
		<subfield code="6">880-07</subfield>
		<subfield code="t">al-Ḥisāb al-ḥadīth.</subfield>
		<subfield code="b">Ṭab‘ah tāsi‘ah munaqqaḥah</subfield>
		<subfield code="d">Bayrūt : al-Maṭba‘ah al-Amīrikānīyah, 1947</subfield>
		<subfield code="w">b19208224</subfield>
	</datafield>
	<datafield ind1="0" ind2=" " tag="775">
		<subfield code="6">880-08</subfield>
		<subfield code="t">al-Ḥisāb al-ḥadīth.</subfield>
		<subfield code="b">Ṭab‘ah thālithah munaqqaḥah</subfield>
		<subfield code="d">Bayrūt : al-Maṭba‘ah al-Amīrikānīyah, 1929</subfield>
		<subfield code="w">b19208200</subfield>
	</datafield>
	<datafield ind1="0" ind2="8" tag="776">
		<subfield code="i">Print version:</subfield>
		<subfield code="a">Jurdāq, Manṣūr Ḥannā, author.</subfield>
		<subfield code="t">al-Ḥisāb al-ḥadīth</subfield>
		<subfield code="w">(LeBAU)b19208212</subfield>
	</datafield>
	<datafield ind1="4" ind2="0" tag="856">
		<subfield code="u">http://hdl.handle.net/2333.1/j3tx9cdp</subfield>
	</datafield>
	<datafield ind1="1" ind2=" " tag="880">
		<subfield code="6">100-01/(3/r</subfield>
		<subfield code="a">جرداق، منصور حنا،</subfield>
		<subfield code="e">مؤلف. </subfield>
		<subfield code="4">aut.</subfield>
	</datafield>
	<datafield ind1="1" ind2="3" tag="880">
		<subfield code="6">245-02/(3/r</subfield>
		<subfield code="a">الحساب الحديث /</subfield>
		<subfield code="c">تأليف منصور حنا جرداق م. ع، أستاذ الرياضيات العالية في الجامعة الأميركانية في بيروت وعضو في الجمعية الإنكليزية الرياضية في لندن والجمعية الرياضيية الأميركانية وغيرها من الجمعيات الرياضية والفلكية والعلمية.</subfield>
	</datafield>
	<datafield ind1=" " ind2=" " tag="880">
		<subfield code="6">250-03/(3/r</subfield>
		<subfield code="a">طبعة خامسة.</subfield>
	</datafield>
	<datafield ind1=" " ind2="1" tag="880">
		<subfield code="6">264-04/(3/r</subfield>
		<subfield code="a">بيروت :</subfield>
		<subfield code="b">المطبعة الأميركانية،</subfield>
		<subfield code="c">1929.</subfield>
	</datafield>
	<datafield ind1=" " ind2=" " tag="880">
		<subfield code="6">300-05/(3/r</subfield>
		<subfield code="a">3 أجزاء ؛</subfield>
		<subfield code="c">19 سم</subfield>
	</datafield>
	<datafield ind1="0" ind2=" " tag="880">
		<subfield code="6">775-06/(3/r</subfield>
		<subfield code="t">الحساب الحديث.</subfield>
		<subfield code="b">طبعة رابعة</subfield>
		<subfield code="d">بيروت : المطبعة الأميركانية، 1927</subfield>
		<subfield code="w">b12484830</subfield>
		<subfield code="w">(OCoLC)784341347</subfield>
	</datafield>
	<datafield ind1="0" ind2=" " tag="880">
		<subfield code="6">775-07/(3/r</subfield>
		<subfield code="t">الحساب الحديث.</subfield>
		<subfield code="b">طبعة تاسعة منقحة</subfield>
		<subfield code="d">بيروت : المطبعة الأميركانية، 1947</subfield>
		<subfield code="w">b19208224</subfield>
	</datafield>
	<datafield ind1="0" ind2=" " tag="880">
		<subfield code="6">775-08/(3/r</subfield>
		<subfield code="t">الحساب الحديث.</subfield>
		<subfield code="b">طبعة ثالثة منقحة</subfield>
		<subfield code="d">بيروت : المطبعة الأميركانية، 1929</subfield>
		<subfield code="w">b19208200</subfield>
	</datafield>
	<datafield ind1=" " ind2=" " tag="959">
		<subfield code="a">NNU</subfield>
		<subfield code="b">WEB</subfield>
		<subfield code="c">GENI</subfield>
		<subfield code="t">0</subfield>
		<subfield code="m">Electronic access</subfield>
		<subfield code="s">01</subfield>
	</datafield>
	<datafield ind1=" " ind2=" " tag="999">
		<subfield code="i">LeBAU_b19208212</subfield>
		<subfield code="s">aub_aco001528:v.2</subfield>
		<subfield code="e">(ERROR-MISC)</subfield>
	</datafield>
</record>
